@Book{OsowskiSieci,
    author = {Stanisław Osowski},
	title = "Sieci neuronowe do przetwarzania informacji",
    publisher = {Oficyna Wydawnicza Politechniki Warszawskiej},
	year = {2020},
	note = {str. 426-433, 465-472, 473-474}
}

@Book{DeepLearning,
    author = {Ian Goodfellow and Yoshua Bengio and Aaron Courville},
	title = "Deep Learning. Systemu uczące się",
    publisher = {PWN},
	year = {2018},
	note = {str. 332-334}
}

@Book{Python,
    author = {François Chollet},
	title = "{Deep Learning. Praca z językiem Python i biblioteką Keras}",
    publisher = {Helion},
	year = {2019},
	note = {str. 26-29, 136-143}
}

@inproceedings{Cordts2016Cityscapes,
    title="The Cityscapes Dataset for Semantic Urban Scene Understanding",
    author={Cordts, Marius and Omran, Mohamed and Ramos, Sebastian and Rehfeld, Timo and Enzweiler, Markus and Benenson, Rodrigo and Franke, Uwe and Roth, Stefan and Schiele, Bernt},
    booktitle={Proc. of the IEEE Conference on Computer Vision and Pattern Recognition (CVPR)},
    year={2016}
}

@inproceedings{MendeleyData,
    title = "DD2020: An Image Dataset for Smartphone-based Road Damage Detection and Classification",
    author = {Arya, Deeksha and Maeda, Hiroya and Ghosh, Sanjay Kumar and Toshniwal, Durga and Omata, Hiroshi and Kashiyama, Takehiro and  Seto, Toshikazu and Mraz, Alexander and Sekimoto, Yoshihide },
    booktitle = {Mendeley Data, V2, doi: 10.17632/5ty2wb6gvg.2},
    year = {2021},
}

@misc{ResNet, 
  title="Introduction to Resnet or Residual Network", 
  author={ Great Learning Team},
  year={2020}, 
  note={\url{https://www.mygreatlearning.com/blog/resnet/#sh1} [dostęp dnia 14 maja 2022]}
}

@misc{OpenCV,
     title = "About",
     author = "OpenCVteam",
     note   = "\url{https://opencv.org/about/} [dostęp dnia 14 maja 2022]",
     year   = "2020"
}


@misc{CistyscapesToCOCO,
    title = "cityscapes-to-coco-conversion",
    author = "TillBeemelmanns",
    note = "\url{https://github.com/TillBeemelmanns/cityscapes-to-coco-conversion} [dostęp dnia 24 kwietnia 2022]",
    year = "2020"
    
    }

@misc{CityscapesPapers,
    title = "Cityscapes",
    author = "",
    note = "\url{https://paperswithcode.com/dataset/cityscapes} [dostęp dnia 14 maja 2022]",
    year = ""
}

@misc{Fizyr,
    title = "Keras RetinaNet",
    author = "Fizyr",
    note = "\url{https://github.com/fizyr/keras-retinanet} [dostęp dnia 4 kwietnia 2022]",
    year = "2019"
    }

@misc{ResNet3,
    title = "Klasyfikacja dźwięku za pomocą splotowych sieci neuronowych",
    author = "{Karol Jezy Piczak}",
    publisher = "Politechnika Warszawska. Wydział elektroniki i technik informacyjnych",
    year="2018"
    }


@misc{Resnet2,
    title = "Detailed Guide to Understand and Implement ResNets",
    author = "{Ankit Sachan}",
    note = "\url{https://cv-tricks.com/keras/understand-implement-resnets/} [dostęp 14 maja 2022]",
    year = "2019"
}


@book{Leksykon,
    title = "Leksykon sieci neuronowych",
    author = "{R. Tadeusiewicz, M. Szaleniec}",
    note = "\url{https://depot.ceon.pl/bitstream/handle/123456789/7318/leksykon\%20sieci\%20neuronowych\%20-\%20r.tadeusiewicz\%2C\%20m.szaleniec.pdf?sequence=1&isAllowed=y} [dostęp 24 maja 2022], str. 31",
    publisher = "Wydawnictwo Fundacji „Projekt Nauka” ",
    year = "2015",
}

@misc{lr,
    title="Understand the Impact of Learning Rate on Neural Network Performance",
    author = {Jason Brownlee},
    note = "\url{https://machinelearningmastery.com/understand-the-dynamics-of-learning-rate-on-deep-learning-neural-networks/} [dostęp 3 czerwca 2022]",
    year="2019"
    }


@misc{best,
    title="Models for Image Recognition and Object Detection",
    author="{OlafenwaMoses}",
    note="\url{https://github.com/OlafenwaMoses/ImageAI/releases/tag/1.0} [dostęp 25 maja 2022],
    year="2018"
}







@article{RENZEL:2016,
    author        = {Andreas Renzel},
    title         = {Disinfection with {UV-C} - {E} v1.2.1, {AR}},
    year          = {2016},
    location      = {Ortenberg},
    pages         = {2, 8},
    note           = {\url{https://www.uv-technik.co.uk/assets/Uploads/product-documents/Disinfection-UV-C-Explained2.pdf} [dostęp dnia 5 listopada 2020]},
    publisher     = {uv-echnik},
} 

@online{JAK:2020,
    author = {Janusz Jakubiak},
    title = {Mobile robotics Kinematic models of mobile robots},
    year = {2020},
    location = {Wrocław},
    pages = {9},
    note = {\url{https://kcir.pwr.edu.pl/~jjakubia/MobileRobotics/_w2.pdf} [dostęp dnia 5 listopada 2020]},
    publisher = {Wrocław University of Technology}
}

@online{YAN:2020,
    author = {Yan Ding},
    title = {Three Methods of Vehicle Lateral Control: Pure Pursuit, {S}tanley and {MPC}},
    year = {2020},
    location = {China},
    url = "https://dingyan89.medium.com/three-methods-of-vehicle-lateral-control-pure-pursuit-stanley-and-mpc-db8cc1d32081",
    addendum = "[dostęp dnia 5 listopada 2020]"
}

@article{DRW:2015,
	author = {Michał Drwięga},
	title = {Bezkolizyjna nawigacja w pomieszczeniu robotem mobilnym wyposażonym w czujnik Kinect},
	year = {2015},
	note = {Praca Dyplomowa Magisterska Politechnika Wrocławska}
}

@online{ROSrviz:2018, 
  title={rviz}, 
  author={Dave Hershberger and David Gossow and Josh Faust and William Woodall},
  year={2018}, 
  note={\url{http://wiki.ros.org/rviz} [dostęp dnia 29 listopada 2020]}
}

@online{ROSgmapping:2019, 
  title={gmapping}, 
  author={Brian Gerkey},
  year={2019}, 
  note={\url{http://wiki.ros.org/gmapping} [dostęp dnia 10 grudnia 2020]}
}

@online{ROSgazebo:2015, 
  title={gazebo\_ros}, 
  author={John Hsu and Nate Koenig and Dave Coleman},
  year={2015}, 
  note={\url{http://wiki.ros.org/gazebo\_ros} [dostęp dnia 7 grudnia 2020]}
}

@online{ROSconcept:2014, 
  title={ROS/Concepts}, 
  author={AaronMR},
  year={2014}, 
  note={\url{http://wiki.ros.org/ROS/Concepts} [dostęp dnia 7 grudnia 2020]}
}

@online{Gazebo:sdf,
    author        = {Collective publication},
    title         = {Gazebo tutorial: Make a model},
    year          = {2014},
    url           = {http://gazebosim.org/tutorials?tut=build_model&cat=build_robot},
    publisher     = {Open Source Robotics Foundation}
} 

@online{mwr:2018,
    author = {Marco Arruda},
    title = {[{ROS} {P}rojects] – {E}xploring {ROS} using a 2 {W}heeled {R}obot},
    year = {2018},
    location = {USA},
    url = {https://www.theconstructsim.com/ros-projects-exploring-ros-using-2-wheeled-robot-part-1/},
    publisher = {The Construct}
}

@online{WikiBres:2007, 
  title={Illustration of the result of {B}resenham's line algorithm}, 
  author={Crotalus Horridus },
  year={2007}, 
  note={\url{https://en.wikipedia.org/wiki/Bresenham\%27s_line_algorithm#/media/File:Bresenham.svgv} [dostęp dnia 7 grudnia 2020]}
}

@online{SDF:2020, 
  title={{SDF}ormat Specification}, 
  author={Open Source Robotics Foundation},
  year={2020}, 
  note={\url{http://sdformat.org/spec} [dostęp dnia 10 grudnia 2020]}
}

@online{palla:2018,
    author = {Kiran Palla},
    title = {Autonomous Navigation of ROS Robot: Differential Drive Robot Simulation},
    year = {2018},
    location = {USA},
    url = {https://kiranpalla.com/autonomous-navigation-ros-differential-drive-robot-simulation/}
}





@book{Ducharme2013,
	abstract = {Gain hands-on experience with SPARQL, the RDF query language thats bringing new possibilities to semantic web, linked data, and big data projects. This updated and expanded edition shows you how to use SPARQL 1.1 with a variety of tools to retrieve, manipulate, and federate data from the public web as well as from private sources.},
	author = {Ducharme, B.},
	edition = {2},
	file = {:C$\backslash$:/Users/Kamil/AppData/Local/Mendeley Ltd./Mendeley Desktop/Downloaded/Ducharme - 2013 - Learning SPARQL, 2nd Edition.pdf:pdf},
	isbn = {9781449371432},
	mendeley-groups = {KPW},
	pages = {386},
	publisher = {O'Reilly Media},
	title = {{Learning SPARQL}},
	year = {2013}
}
@article{Yang2011,
	author = {Yang, Ch. and Wu, Sh.-J.},
	file = {:C$\backslash$:/Users/Kamil/AppData/Local/Mendeley Ltd./Mendeley Desktop/Downloaded/Yang, Wu - 2011 - A Wordnet Based Information Retrieval on the Semantic Web.pdf:pdf},
	journal = {7th International Conference on Networked Computing and Advanced Information Management (NCM), 2011},
	keywords = {- semantic web,ontology,semantic information retrieval},
	mendeley-groups = {KPW},
	pages = {324--328},
	title = {{A Wordnet Based Information Retrieval on the Semantic Web}},
	year = {2011}
}

@article{SZANSER1970169,
title = "Automatic error-correction in natural languages",
journal = "Information Storage and Retrieval",
volume = "5",
number = "4",
pages = "169 - 174",
year = "1970",
note = "",
issn = "0020-0271",
doi = "http://dx.doi.org/10.1016/0020-0271(70)90045-8",
url = "http://www.sciencedirect.com/science/article/pii/0020027170900458",
author = "A.J. Szanser",
abstract = "Automatic error-correction m natural language processing is based on the principle of “elastic matching”. Text words are segmented into “lines” with letters arranged according to a pre-determined sequence, and then matched line-by-line, shifts being applied if the numbers of lines are unequal. In order to resolve the possible multiple choices produced, the method may be supplemented by another one, based on the observed repetition of words in natural texts, and also by syntactic analysis. This paper describes the above methods and gives an account of an experiment now in progress at the National Physical Laboratory."
}

@article{Yoshinaga1999,
	abstract = {We propose a new information retriever on the Web which: automatically classifies collected documents; and retrieves multi-lingual information (e.g., Japanese and/or English). This is attained by the mechanism of ontology processing. We set up a multi-lingual ontology as an index dictionary. The ontology manages the relations of keywords and the weights of keywords for domain categories to classify the documents. The system has the following features: users can use any keywords expressed in their native language to search for the Web documents, even if they contain multi lingual information; and the documents can be classified into specific domain categories by tuning the keyword weights up},
	author = {Yoshinaga, K. and Terano, T. and Zhong, N.},
	doi = {10.1109/KES.1999.820121},
	file = {:C$\backslash$:/Users/Kamil/AppData/Local/Mendeley Ltd./Mendeley Desktop/Downloaded/Yoshinaga, Terano, Zhong - 1999 - Multi-lingual intelligent information retriever with automated ontology generator.pdf:pdf},
	isbn = {0-7803-5578-4},
	journal = {1999 Third International Conference on Knowledge-Based Intelligent Information Engineering Systems. Proceedings (Cat. No.99TH8410)},
	keywords = {1,and the weights of,even if they,features,following,for the web documents,keywords expressed in their,keywords for domain categories,native language to search,the system has the,to classify the documents,users can use any},
	mendeley-groups = {KPW},
	pages = {62--65},
	title = {{Multi-lingual intelligent information retriever with automated ontology generator}},
	year = {1999}
}
@article{Chawla2008,
	abstract = {Web is a valuable source of information and it is expanding at an enormous speed. Search engines provide the interface to access to this vast pool of information. Users express their information need through the input query to retrieve the relevant information which does not prove to be effective as input query entered by the user is too short to get the information need of the user. To retrieve the information according to a particular information need from a big pool of information available on the web is a big challenge. This paper proposes a method to find the related queries which approximate the information need of the input query issued to the search engine. This is accomplished using Information scent and content of clicked pages in query sessions mining. Information scent is derived from the information foraging theory in which user behavior in the information environment is guided by information scent. Information need of the query sessions is modeled using information scent and content of clicked URLs and query sessions with similar information need are clustered. The clusters which closely approximate the information need of input query are used to suggest queries with similar information need for a given input query. The suggested queries are ranked in order of their degree of relevance with respect to information need of the input query. Retrieval precision of search engine is improved as suggested queries help to retrieve document relevant to the need of user efficiently and quickly. Experimental study has been conducted on the dataset collected from "Google" search engine Web history to confirm the improvement of precision of information retrieval.},
	author = {Chawla, S. and Bedi, P.},
	doi = {10.1109/ICETET.2008.23},
	file = {:C$\backslash$:/Users/Kamil/AppData/Local/Mendeley Ltd./Mendeley Desktop/Downloaded/Chawla, Bedi - 2008 - Improving information retrieval precision by finding related queries with similar information need using informati.pdf:pdf},
	isbn = {9780769532677},
	journal = {Proceedings - 1st International Conference on Emerging Trends in Engineering and Technology, ICETET 2008},
	keywords = {Clustering,Information retrieval,Information scent,Search engine},
	mendeley-groups = {KPW},
	pages = {486--491},
	title = {{Improving information retrieval precision by finding related queries with similar information need using information scent}},
	year = {2008}
}


% This file was created with JabRef 2.7b.
% Encoding: ISO8859_2

@article{Overview,
  author = {Georgakopoulos, D. and Hornick, M. and Sheth, A.},
  title = {An Overview of Workflow Management: 
	From Process Modeling to Workflow Automation Infrastructure},
  journal = {Kluwer Academic Publishers},
  year = {1995}
}




@ARTICLE{Ziemba,
  author = {Ziemba, E. and Obłąk, I.},
  title = {{Modelowanie procesów biznesowych z wykorzystaniem notacji BPMN - studium przypadku}},
  journal = {Informatyka Ekonomiczna},
  year = {2012}
}


@misc{BPMN,
   month = jan,
    author = {Object Management Group},
    title = {{Business Process Model and Notation (BPMN) Version 2.0}},
    note = {\url{http://www.omg.org/spec/BPMN/2.0} [dostęp dnia 20 czerwca 2015]},
    year = {2011}
}

@booklet{Marcin,
title = {{BPMN Notacja modelowania procesów biznesowych}},
author = {Moś, M.},
note = {\url{http://procesy.ue.wroc.pl/uploads/Marcin/BPMN.pdf} [dostęp dnia 20 czerwca 2015]}
}

